@article{Davidson06,
    author={Davidson, E. H.},
    title={The Regulatory Genome: gene regulatory networks in development and evolution},
    journal={Academic Press},
    year={2006}
}

@article{Banzhaf03,
    author={Banzhaf, W.},
    title={Artificial Regulatory Networks and Genetic Programming},
    journal={Genetic Programming Theory and Practice},
    year={2003},
    pages={43-62},
    publisher={Edition Kluwer}
}

@article{KusiakLayout2010,
  title={Design of wind farm layout for maximum wind energy capture},
  author={Kusiak, A. and Song, Z.},
  journal={Renewable Energy},
  volume={35},
  number={3},
  pages={685--694},
  year={2010},
  publisher={Elsevier}
}

@article{von1966theory,
  title={Theory of self-reproducing automata},
  author={Von Neumann, J. and Burks, A.W.},
  year={1966}
}

@article{Eggenberger03,
  title={{Combining developmental processes and their physics in an artificial evolutionary system to evolve shapes}},
  author={Eggenberger Hotz, P.},
  journal={On Growth, Form and Computers},
  pages={302},
  year={2003},
  publisher={Academic Press}
}

@article{Chavoya08,
  title={{A cell pattern generation model based on an extended artificial regulatory network}},
  author={Chavoya, A. and Duthen, Y.},
  journal={Biosystems},
  volume={94},
  number={1-2},
  pages={95--101},
  year={2008},
  publisher={Elsevier}
}

@InProceedings{Joachimczak08,
  Author    = {Joachimczak, M. and Wr{\'{o}}bel, B.},
  Title     = {Evo-devo in silico: a model of a gene network regulating multicellular development in 3D space with artificial physics},
  BookTitle = {Proceedings of the 11th International Conference on Artificial Life},
  Publisher = {MIT Press},
  Year      = {2008},
  Pages     = {297--304},
%  URL       = {http://www.alifexi.org/papers/ALIFExi_pp297-304.pdf},
}

@conference{Tufte09,
  title={{Metamorphosis and Artificial Development: An Abstract Approach to Functionality}},
  Author={Tufte, G.},
  Publisher={Springer Verlag},
  Booktitle={10th European Conference on Artificial Life},
  Year={2009}
}

@conference{Doursat09,
  title={{Facilitating evolutionary innovation by developmental modularity and variability}},
  author={Doursat, R.},
  booktitle={Proceedings of the 11th Annual conference on Genetic and evolutionary computation},
  pages={683--690},
  year={2009},
  organization={ACM}
}

@article{CussatBlanc2012a,
  title={{A synthesis of the Cell2Organ developmental model}},
  author={Cussat-Blanc, S. and Pascalie, J. and Mazac, S. and Luga, H and Duthen, Y.},
  journal={Morphogenetic Engineering},
  year={2012},
  publisher={Springer Verlag}
}

@article{Nicolau10,
  title={{Evolving genes to balance a pole}},
  author={Nicolau, M. and Schoenauer, M. and Banzhaf, W.},
  journal={Genetic Programming},
  pages={196--207},
  year={2010},
  publisher={Springer}
}

@conference{Joachimczak10,
  title={{Evolving Gene Regulatory Networks for Real Time Control of Foraging Behaviours}},
  author={Joachimczak, M. and Wr{\'o}bel, B.},
  booktitle={Proceedings of the 12th International Conference on Artificial Life},
  year={2010}
}

@inproceedings{CussatBlanc2011,
   author={Cussat-Blanc, S. and Bredeche, N. and Luga, H. and Duthen, Y. and Schoenauer, M.},
   title={Artificial Gene Regulatory Networks and Spatial Computation: A Case Study},
   booktitle={Proceedings of the European Conference on Artificial Life (ECAL'11)},
   publisher={MIT Press, Cambridge, MA},
   year={2011}
}

@inproceedings{CussatBlanc2012b,
   author={Cussat-Blanc, S. and Sanchez, S. and Duthen, Y.},
   title={Controlling Cooperative and Conflicting Continuous Actions with a Gene Regulatory Network},
   booktitle={Conference on Computational Intelligence in Games (CIG'12)},
   publisher={IEEE},
   year={2012}
}

@article{mosetti1994optimization,
  title={Optimization of wind turbine positioning in large windfarms by means of a genetic algorithm},
  author={Mosetti, G. and Poloni, C. and Diviacco, B.},
  journal={Journal of Wind Engineering and Industrial Aerodynamics},
  volume={51},
  number={1},
  pages={105--116},
  year={1994},
  publisher={Elsevier}
}

@article{grady2005placement,
  title={Placement of wind turbines using genetic algorithms},
  author={Grady, SA and Hussaini, MY and Abdullah, MM},
  journal={Renewable Energy},
  volume={30},
  number={2},
  pages={259--270},
  year={2005},
  publisher={Elsevier}
}

@inproceedings{huang2007distributed,
  title={Distributed genetic algorithm for optimization of wind farm annual profits},
  author={Huang, H.S.},
  booktitle={Intelligent Systems Applications to Power Systems, 2007. ISAP 2007. International Conference on},
  pages={1--6},
  year={2007},
  organization={IEEE}
}

@inproceedings{wang2009study,
  title={Study on computational grids in placement of wind turbines using genetic algorithm},
  author={Wang, F. and Liu, D. and Zeng, L.},
  booktitle={World Non-Grid-Connected Wind Power and Energy Conference, 2009. WNWEC 2009},
  pages={1--4},
  year={2009},
  organization={IEEE}
}

@article{emami2010new,
  title={New approach on optimization in placement of wind turbines within wind farm by genetic algorithms},
  author={Emami, A. and Noghreh, P.},
  journal={Renewable Energy},
  volume={35},
  number={7},
  pages={1559--1564},
  year={2010},
  publisher={Elsevier}
}

@article{csicsbot2010optimal,
  title={Optimal positioning of wind turbines on G{\"o}k{\c{c}}eada using multi-objective genetic algorithm},
  author={{\c{S}}i{\c{s}}bot, S. and Turgut, {\"O}. and Tun{\c{c}}, M. and {\c{C}}amdal{\i}, {\"U}.},
  journal={Wind Energy},
  volume={13},
  number={4},
  pages={297--306},
  year={2010},
  publisher={Wiley Online Library}
}

@article{xu2012optimization,
  title={Optimization of Wind Farm Micro Sitting Based on Genetic Algorithm},
  author={Xu, C. and Yan, Y. and Liu, D.Y. and Zheng, Y. and Li, C.Q.},
  journal={Advanced Materials Research},
  volume={347},
  pages={3545--3550},
  year={2012},
  publisher={Trans Tech Publ}
}

@article{wan2010optimal,
  title={Optimal micro-siting of wind farms by particle swarm optimization},
  author={Wan, C. and Wang, J. and Yang, G. and Zhang, X.},
  journal={Advances in Swarm Intelligence},
  pages={198--205},
  year={2010},
  publisher={Springer}
}

@article{chowdhury2012unrestricted,
  title={Unrestricted wind farm layout optimization (uwflo): Investigating key factors influencing the maximum power generation},
  author={Chowdhury, S. and Zhang, J. and Messac, A. and Castillo, L.},
  journal={Renewable Energy},
  volume={38},
  number={1},
  pages={16--30},
  year={2012},
  publisher={Elsevier}
}

@inproceedings{veeramachaneni2012optimizing,
  title={Optimizing energy output and layout costs for large wind farms using particle swarm optimization},
  author={Veeramachaneni, K. and Wagner, M. and O'Reilly, U.M. and Neumann, F.},
  booktitle={Evolutionary Computation (CEC), 2012 IEEE Congress on},
  pages={1--7},
  year={2012},
  organization={IEEE}
}

@article{wagner2011optimizing,
  title={Optimizing the layout of 1000 wind turbines},
  author={Wagner, M. and Veeramachaneni, K. and Neumann, F. and Oâ€™Reilly, U.M.},
  journal={European Wind Energy Association Annual Event},
  pages={205--209},
  year={2011}
}

@article{wagner2012fast,
  title={A Fast and Effective Local Search Algorithm for Optimizing the Placement of Wind Turbines},
  author={Wagner, M. and Day, J. and Neumann, F.},
  year={2012}
}