@article{sanchez2014gene,
  title={Gene regulated car driving: using a gene regulatory network to drive a virtual car},
  author={Sanchez, St{\'e}phane and Cussat-Blanc, Sylvain},
  journal={Genetic Programming and Evolvable Machines},
  volume={15},
  number={4},
  pages={477--511},
  year={2014},
  publisher={Springer}
}

@article{cussatblanc2015grneat,
title={Gene regulatory network evolution through augmenting topologies},
author={Cussat-Blanc, Sylvain and Harrington, Kyle and Pollack, Jordan},
journal={IEEE Transaction on Evolutionary Computation},
year={2015, to be published},
publisher={IEEE}
} 
@article{Davidson2006,
    author={Davidson, E. H.},
    title={The Regulatory Genome: gene regulatory networks in development and evolution},
    journal={Academic Press},
    year={2006}
}


@article{haber2009reward,
  title={The reward circuit: linking primate anatomy and human imaging},
  author={Haber, Suzanne N and Knutson, Brian},
  journal={Neuropsychopharmacology},
  volume={35},
  number={1},
  pages={4--26},
  year={2009},
  publisher={Nature Publishing Group}
}

@article{stanley2002evolving,
author = {Stanley, K.O. and Miikkulainen, R.},
journal = {Evolutionary computation},
number = {2},
pages = {99--127},
publisher = {MIT Press},
title = {{Evolving neural networks through augmenting topologies}},
volume = {10},
year = {2002}
}

@article{schultz1993responses,
  title={Responses of monkey dopamine neurons to reward and conditioned stimuli during successive steps of learning a delayed response task},
  author={Schultz, Wolfram and Apicella, Paul and Ljungberg, Tomas},
  journal={The Journal of Neuroscience},
  volume={13},
  number={3},
  pages={900--913},
  year={1993},
  publisher={Soc Neuroscience}
}

@book{sutton1998introduction,
  title={Introduction to reinforcement learning},
  author={Sutton, Richard S and Barto, Andrew G},
  year={1998},
  publisher={MIT Press}
}

@book{barto1998reinforcement,
  title={Reinforcement learning: An introduction},
  author={Barto, Andrew G},
  year={1998},
  publisher={MIT press}
}

@article{sutton1988learning,
  title={Learning to predict by the methods of temporal differences},
  author={Sutton, Richard S},
  journal={Machine learning},
  volume={3},
  number={1},
  pages={9--44},
  year={1988},
  publisher={Springer}
}

@article{ziegler2001evolving,
  title={Evolving control metabolisms for a robot},
  author={Ziegler, Jens and Banzhaf, Wolfgang},
  journal={Artificial Life},
  volume={7},
  number={2},
  pages={171--190},
  year={2001},
  publisher={MIT Press}
}

@article{Davidson06,
    author={Davidson, E. H.},
    title={The Regulatory Genome: gene regulatory networks in development and evolution},
    journal={Academic Press},
    year={2006}
}

@article{Banzhaf03,
    author={Banzhaf, W.},
    title={Artificial Regulatory Networks and Genetic Programming},
    journal={Genetic Programming Theory and Practice},
    year={2003},
    pages={43-62},
    publisher={Edition Kluwer}
}

@article{KusiakLayout2010,
  title={Design of wind farm layout for maximum wind energy capture},
  author={Kusiak, A. and Song, Z.},
  journal={Renewable Energy},
  volume={35},
  number={3},
  pages={685--694},
  year={2010},
  publisher={Elsevier}
}

@article{von1966theory,
  title={Theory of self-reproducing automata},
  author={Von Neumann, J. and Burks, A.W.},
  year={1966}
}

@article{Eggenberger03,
  title={{Combining developmental processes and their physics in an artificial evolutionary system to evolve shapes}},
  author={Eggenberger Hotz, P.},
  journal={On Growth, Form and Computers},
  pages={302},
  year={2003},
  publisher={Academic Press}
}

@article{Chavoya08,
  title={{A cell pattern generation model based on an extended artificial regulatory network}},
  author={Chavoya, A. and Duthen, Y.},
  journal={Biosystems},
  volume={94},
  number={1-2},
  pages={95--101},
  year={2008},
  publisher={Elsevier}
}

@InProceedings{Joachimczak08,
  Author    = {Joachimczak, M. and Wr{\'{o}}bel, B.},
  Title     = {Evo-devo in silico: a model of a gene network regulating multicellular development in 3D space with artificial physics},
  BookTitle = {Proceedings of the 11th International Conference on Artificial Life},
  Publisher = {MIT Press},
  Year      = {2008},
  Pages     = {297--304},
}

@conference{Tufte09,
  title={{Metamorphosis and Artificial Development: An Abstract Approach to Functionality}},
  Author={Tufte, G.},
  Publisher={Springer Verlag},
  Booktitle={10th European Conference on Artificial Life},
  Year={2009}
}

@conference{Doursat09,
  title={{Facilitating evolutionary innovation by developmental modularity and variability}},
  author={Doursat, R.},
  booktitle={Proceedings of the 11th Annual conference on Genetic and evolutionary computation},
  pages={683--690},
  year={2009},
  organization={ACM}
}

@article{CussatBlanc2012a,
  title={{A synthesis of the Cell2Organ developmental model}},
  author={Cussat-Blanc, S. and Pascalie, J. and Mazac, S. and Luga, H and Duthen, Y.},
  journal={Morphogenetic Engineering},
  year={2012},
  publisher={Springer Verlag}
}

@article{Nicolau10,
  title={{Evolving genes to balance a pole}},
  author={Nicolau, M. and Schoenauer, M. and Banzhaf, W.},
  journal={Genetic Programming},
  pages={196--207},
  year={2010},
  publisher={Springer}
}

@conference{Joachimczak10,
  title={{Evolving Gene Regulatory Networks for Real Time Control of Foraging Behaviours}},
  author={Joachimczak, M. and Wr{\'o}bel, B.},
  booktitle={Proceedings of the 12th International Conference on Artificial Life},
  year={2010}
}

@inproceedings{CussatBlanc2011,
   author={Cussat-Blanc, S. and Bredeche, N. and Luga, H. and Duthen, Y. and Schoenauer, M.},
   title={Artificial Gene Regulatory Networks and Spatial Computation: A Case Study},
   booktitle={Proceedings of the European Conference on Artificial Life (ECAL'11)},
   publisher={MIT Press, Cambridge, MA},
   year={2011}
}

@inproceedings{CussatBlanc2012b,
   author={Cussat-Blanc, S. and Sanchez, S. and Duthen, Y.},
   title={Controlling Cooperative and Conflicting Continuous Actions with a Gene Regulatory Network},
   booktitle={Conference on Computational Intelligence in Games (CIG'12)},
   publisher={IEEE},
   year={2012}
}

@article{mosetti1994optimization,
  title={Optimization of wind turbine positioning in large windfarms by means of a genetic algorithm},
  author={Mosetti, G. and Poloni, C. and Diviacco, B.},
  journal={Journal of Wind Engineering and Industrial Aerodynamics},
  volume={51},
  number={1},
  pages={105--116},
  year={1994},
  publisher={Elsevier}
}

@article{grady2005placement,
  title={Placement of wind turbines using genetic algorithms},
  author={Grady, SA and Hussaini, MY and Abdullah, MM},
  journal={Renewable Energy},
  volume={30},
  number={2},
  pages={259--270},
  year={2005},
  publisher={Elsevier}
}

@inproceedings{huang2007distributed,
  title={Distributed genetic algorithm for optimization of wind farm annual profits},
  author={Huang, H.S.},
  booktitle={Intelligent Systems Applications to Power Systems, 2007. ISAP 2007. International Conference on},
  pages={1--6},
  year={2007},
  organization={IEEE}
}

@inproceedings{wang2009study,
  title={Study on computational grids in placement of wind turbines using genetic algorithm},
  author={Wang, F. and Liu, D. and Zeng, L.},
  booktitle={World Non-Grid-Connected Wind Power and Energy Conference, 2009. WNWEC 2009},
  pages={1--4},
  year={2009},
  organization={IEEE}
}

@article{emami2010new,
  title={New approach on optimization in placement of wind turbines within wind farm by genetic algorithms},
  author={Emami, A. and Noghreh, P.},
  journal={Renewable Energy},
  volume={35},
  number={7},
  pages={1559--1564},
  year={2010},
  publisher={Elsevier}
}

@article{csicsbot2010optimal,
  title={Optimal positioning of wind turbines on G{\"o}k{\c{c}}eada using multi-objective genetic algorithm},
  author={{\c{S}}i{\c{s}}bot, S. and Turgut, {\"O}. and Tun{\c{c}}, M. and {\c{C}}amdal{\i}, {\"U}.},
  journal={Wind Energy},
  volume={13},
  number={4},
  pages={297--306},
  year={2010},
  publisher={Wiley Online Library}
}

@article{xu2012optimization,
  title={Optimization of Wind Farm Micro Sitting Based on Genetic Algorithm},
  author={Xu, C. and Yan, Y. and Liu, D.Y. and Zheng, Y. and Li, C.Q.},
  journal={Advanced Materials Research},
  volume={347},
  pages={3545--3550},
  year={2012},
  publisher={Trans Tech Publ}
}

@article{wan2010optimal,
  title={Optimal micro-siting of wind farms by particle swarm optimization},
  author={Wan, C. and Wang, J. and Yang, G. and Zhang, X.},
  journal={Advances in Swarm Intelligence},
  pages={198--205},
  year={2010},
  publisher={Springer}
}

@article{chowdhury2012unrestricted,
  title={Unrestricted wind farm layout optimization (uwflo): Investigating key factors influencing the maximum power generation},
  author={Chowdhury, S. and Zhang, J. and Messac, A. and Castillo, L.},
  journal={Renewable Energy},
  volume={38},
  number={1},
  pages={16--30},
  year={2012},
  publisher={Elsevier}
}

@inproceedings{veeramachaneni2012optimizing,
  title={Optimizing energy output and layout costs for large wind farms using particle swarm optimization},
  author={Veeramachaneni, K. and Wagner, M. and O'Reilly, U.M. and Neumann, F.},
  booktitle={Evolutionary Computation (CEC), 2012 IEEE Congress on},
  pages={1--7},
  year={2012},
  organization={IEEE}
}

@article{wagner2011optimizing,
  title={Optimizing the layout of 1000 wind turbines},
  author={Wagner, M. and Veeramachaneni, K. and Neumann, F. and Oâ€™Reilly, U.M.},
  journal={European Wind Energy Association Annual Event},
  pages={205--209},
  year={2011}
}

@article{wagner2012fast,
  title={A Fast and Effective Local Search Algorithm for Optimizing the Placement of Wind Turbines},
  author={Wagner, M. and Day, J. and Neumann, F.},
  year={2012}
}

@inproceedings{Harrington2013,
author = {Harrington, K I and Awa, E and Cussat-Blanc, S and Pollack, J},
booktitle = {IJCNN 2013},
mendeley-groups = {GRN},
pages = {543--550},
title = {{Robot Coverage Control by Evolved Neuromodulation}},
year = {2013}
}

@article{sutton1996generalization,
  title={Generalization in reinforcement learning: Successful examples using sparse coarse coding},
  author={Sutton, Richard S},
  journal={Advances in neural information processing systems},
  pages={1038--1044},
  year={1996}
}

@inproceedings{Gold2014,
author = {Gold, J. and Wang, A. and Harrington, K.},
booktitle = {Proceedings of Artificial Life XIV},
pages = {884--891},
title = {{Feedback Control of Evolving Swarms}},
year = {2014}
}

@article{Destexhe2004,
author = {Destexhe, A and Marder, E},
file = {::},
journal = {Nature},
number = {7010},
pages = {789--795},
title = {{Plasticity in single neuron and circuit computations}},
url = {http://www.nature.com/nature/journal/v431/n7010/abs/nature03011.html},
volume = {431},
year = {2004}
}

@article{Marder2002,
author = {Marder, E and Thirumalai, V},
file = {::},
journal = {Neural Networks},
number = {4},
pages = {479--493},
title = {{Cellular, synaptic and network effects of neuromodulation}},
url = {http://stg.rutgers.edu/stgrefs/stg\_library/Marder\_Thirumalai\_2002.pdf},
volume = {15},
year = {2002}
}

@article{Marder2012,
author = {Marder, E},
journal = {Neuron},
number = {1},
pages = {1--11},
title = {{Neuromodulation of neuronal circuits: back to the future}},
url = {http://www.sciencedirect.com/science/article/pii/S0896627312008173},
volume = {76},
year = {2012}
}

@article{Katz1995,
author = {Katz, PS},
journal = {Current opinion in neurobiology},
number = {6},
pages = {799--808},
title = {{Intrinsic and extrinsic neuromodulation of motor circuits}},
url = {http://www.sciencedirect.com/science/article/pii/095943889580109X},
volume = {5},
year = {1995}
}

@article{Zhurov2006,
author = {Zhurov, Y and Brezina, V},
journal = {The Journal of neuroscience},
number = {26},
pages = {7056--7070},
title = {{Variability of motor neuron spike timing maintains and shapes contractions of the accessory radula closer muscle of Aplysia}},
url = {http://www.jneurosci.org/content/26/26/7056.short},
volume = {26},
year = {2006}
}

@article{Schultz1997,
author = {Schultz, W and Dayan, P and Montague, PR},
journal = {Science},
title = {{A neural substrate of prediction and reward}},
url = {http://www.sciencemag.org/content/275/5306/1593.short},
year = {1997}
}
@article{Montague1996,
author = {Montague, P.R. and Dayan, P. and Sejnowski, T.J.},
journal = {The Journal of Neuroscience},
number = {5},
pages = {1936--1947},
title = {{A framework for mesencephalic dopamine systems based on predictive Hebbian learning}},
url = {http://www.jneurosci.org/content/16/5/1936.short},
volume = {16},
year = {1996}
}

@article{Fellous1998,
author = {Fellous, JM and Linster, C},
file = {::},
journal = {Neural computation},
number = {4},
pages = {771--805},
title = {{Computational models of neuromodulation}},
url = {http://www.mitpressjournals.org/doi/abs/10.1162/089976698300017476},
volume = {10},
year = {1998}
}

@article{Schultz1993,
author = {Schultz, W and Apicella, P and Ljungberg, T},
file = {::},
journal = {The Journal of Neuroscience},
number = {3},
pages = {900--913},
title = {{Responses of monkey dopamine neurons to reward and conditioned stimuli during successive steps of learning a delayed response task}},
url = {http://www.jneurosci.org/content/13/3/900.short},
volume = {13},
year = {1993}
}

@inproceedings{Handa2007,
author = {Handa, H},
booktitle = {Networking, Sensing and Control, 2007 IEEE International Conference on},
pages = {685--688},
title = {{Evolutionary Computation on Multitask Reinforcement Learning Problems}},
url = {http://ieeexplore.ieee.org/xpls/abs\_all.jsp?arnumber=4239075},
year = {2007}
}

@article{Li2009,
author = {Li, H and Liao, X and Carin, L},
file = {::},
journal = {The Journal of Machine Learning Research},
pages = {1131--1186},
title = {{Multi-task reinforcement learning in partially observable stochastic environments}},
url = {http://dl.acm.org/citation.cfm?id=1577109},
volume = {10},
year = {2009}
}

@article{Taylor2009,
author = {Taylor, ME and Stone, P},
file = {::},
journal = {The Journal of Machine Learning Research},
pages = {1633--1685},
title = {{Transfer learning for reinforcement learning domains: A survey}},
url = {http://dl.acm.org/citation.cfm?id=1755839},
volume = {10},
year = {2009}
}

@inproceedings{Tanaka2003,
author = {Tanaka, F and Yamamura, M},
booktitle = {Computational Intelligence in Robotics and Automation. IEEE International Symposium on},
file = {::},
pages = {1108--1113},
title = {{Multitask reinforcement learning on the distribution of MDPs}},
url = {http://ieeexplore.ieee.org/xpls/abs\_all.jsp?arnumber=1222152},
year = {2003}
}

@inproceedings{Sutton1990,
author = {Sutton, RS},
booktitle = {Proceedings of the seventh international conference on Machine learning},
file = {::},
pages = {216--224},
title = {{Integrated architectures for learning, planning, and reacting based on approximating dynamic programming.}},
url = {http://papersdb.cs.ualberta.ca/~papersdb/uploaded\_files/505/paper\_sutton-90.pdf},
year = {1990}
}

@article{Doya2002,
author = {Doya, K},
file = {::},
journal = {Neural Networks},
number = {4},
pages = {495--506},
title = {{Metalearning and neuromodulation}},
url = {http://www.sciencedirect.com/science/article/pii/S0893608002000448},
volume = {15},
year = {2002}
}

@article{Schweighofer2003,
author = {Schweighofer, N and Doya, K},
file = {::},
journal = {Neural Networks},
number = {1},
pages = {5--9},
title = {{Meta-learning in reinforcement learning}},
url = {http://www.sciencedirect.com/science/article/pii/S0893608002002289},
volume = {16},
year = {2003}
}
@article{Doya2008,
author = {Doya, K},
journal = {Nature neuroscience},
number = {4},
pages = {410--416},
title = {{Modulators of decision making}},
url = {http://www.nature.com/neuro/journal/v11/n4/abs/nn2077.html},
volume = {11},
year = {2008}
}
@inproceedings{Boyan1995,
author = {Boyan, J and Moore, AW},
booktitle = {Advances in neural information processing systems},
pages = {369--376},
title = {{Generalization in reinforcement learning: Safely approximating the value function}},
url = {https://books.google.com/books?hl=en\&lr=\&id=M9WuI6tiqRcC\&oi=fnd\&pg=PA369\&dq=Generalization+in+reinforcement+learning:+Safely+approximating+the+value+function\&ots=Gu6shU6xUF\&sig=0u34utCDnqI5ubzXzMa9I7I92UQ},
year = {1995}
}
@inproceedings{Moore1991,
author = {Moore, AW},
booktitle = {Proceedings of the Eighth International Conference on Machine Learning},
pages = {333--337},
title = {{Variable resolution dynamic programming: Efficiently learning action maps in multivariate realvalued state-spaces}},
url = {https://books.google.com/books?hl=en\&lr=\&id=P0ajBQAAQBAJ\&oi=fnd\&pg=PA333\&dq=Variable+resolution+dynamic+programming:+E\%0Eciently+learning+action+maps+in+multivariate+real-valued+state-spaces\&ots=Zh-7V4viUK\&sig=pLDs5DyTFydPqlPsk6brw9MwLhQ},
year = {1991}
}


@inproceedings{Soltoggio2008,
author = {Soltoggio, A and Bullinaria, JA and Mattiussi, C},
booktitle = {Artificial Life},
file = {::},
pages = {569--576},
title = {{Evolutionary advantages of neuromodulated plasticity in dynamic, reward-based scenarios}},
url = {http://alifexi.alife.org/papers/ALIFExi\_pp569-576.pdf},
volume = {11},
year = {2008}
}
@misc{Degris2014,
author = {Degris, Thomas},
title = {{RLPark}},
url = {http://rlpark.github.io/},
year = {2014}
}

